@inproceedings{cv-johnson,
	author = {Johnson, Rie and Zhang, Tong},
	title = {Accelerating Stochastic Gradient Descent Using Predictive Variance Reduction},
	series = {NIPS'13},
	year = {2013},
	location = {Lake Tahoe, Nevada},
	pages = {315--323},
	numpages = {9},
	url = {http://dl.acm.org/citation.cfm?id=2999611.2999647},
	acmid = {2999647},
	publisher = {Curran Associates Inc.},
	address = {USA},
}

@inproceedings{cv-paisley,
	author = {Paisley, John and Blei, David M. and Jordan, Michael I.},
	title = {Variational Bayesian Inference with Stochastic Search},
	booktitle = {Proceedings of the 29th International Coference on International Conference on Machine Learning},
	series = {ICML'12},
	year = {2012},
	isbn = {978-1-4503-1285-1},
	location = {Edinburgh, Scotland},
	pages = {1363--1370},
	numpages = {8},
	url = {http://dl.acm.org/citation.cfm?id=3042573.3042748},
	acmid = {3042748},
	publisher = {Omnipress},
	address = {USA},
}

@inproceedings{bbvi,
	title={Black Box Variational Inference},
	author={Rajesh Ranganath and Sean Gerrish and David M. Blei},
	booktitle={AISTATS},
	year={2014}
}

@inproceedings{cv-chong,
	title = {Variance Reduction for Stochastic Gradient Optimization},
	author = {Wang, Chong and Chen, Xi and Smola, Alexander J and Xing, Eric P},
	booktitle = {Advances in Neural Information Processing Systems 26},
	editor = {C. J. C. Burges and L. Bottou and M. Welling and Z. Ghahramani and K. Q. Weinberger},
	pages = {181--189},
	year = {2013},
	publisher = {Curran Associates, Inc.},
	url = {http://papers.nips.cc/paper/5034-variance-reduction-for-stochastic-gradient-optimization.pdf}
}

@article{nus-dominik,
	author    = {Dominik Csiba and Peter Richt{\'{a}}rik},
	title     = {Importance Sampling for Minibatches},
	journal   = {CoRR},
	volume    = {abs/1602.02283},
	year      = {2016},
	url       = {http://arxiv.org/abs/1602.02283},
	archivePrefix = {arXiv},
	eprint    = {1602.02283},
	timestamp = {Mon, 13 Aug 2018 16:47:46 +0200},
	biburl    = {https://dblp.org/rec/bib/journals/corr/CsibaR16},
	bibsource = {dblp computer science bibliography, https://dblp.org}
}

@incollection{nus-prem,
	title = {Scalable Inference of Overlapping Communities},
	author = {Gopalan, Prem K and Sean Gerrish and Michael Freedman and David M. Blei and David M. Mimno},
	booktitle = {Advances in Neural Information Processing Systems 25},
	editor = {F. Pereira and C. J. C. Burges and L. Bottou and K. Q. Weinberger},
	pages = {2249--2257},
	year = {2012},
	publisher = {Curran Associates, Inc.},
	url = {http://papers.nips.cc/paper/4573-scalable-inference-of-overlapping-communities.pdf}
}

@article{nus-volkan,
	author    = {Dmytro Perekrestenko and Volkan Cevher and Martin Jaggi},
	title     = {Faster Coordinate Descent via Adaptive Importance Sampling},
	journal   = {CoRR},
	volume    = {abs/1703.02518},
	year      = {2017},
	url       = {http://arxiv.org/abs/1703.02518},
	archivePrefix = {arXiv},
	eprint    = {1703.02518},
	timestamp = {Mon, 13 Aug 2018 16:49:08 +0200},
	biburl    = {https://dblp.org/rec/bib/journals/corr/PerekrestenkoCJ17},
	bibsource = {dblp computer science bibliography, https://dblp.org}
}

@article{vae,
	author = {{Kingma}, D.~P and {Welling}, M.},
	title = "{Auto-Encoding Variational Bayes}",
	journal = {ArXiv e-prints},
	archivePrefix = "arXiv",
	eprint = {1312.6114},
	primaryClass = "stat.ML",
	keywords = {Statistics - Machine Learning, Computer Science - Machine Learning},
	year = 2013,
	month = dec,
	adsurl = {http://adsabs.harvard.edu/abs/2013arXiv1312.6114K},
	adsnote = {Provided by the SAO/NASA Astrophysics Data System}
}

@article{gen-rep-grad,
	author = {{Ruiz}, F.~J.~R. and {Titsias}, M.~K. and {Blei}, D.~M.},
	title = "{The Generalized Reparameterization Gradient}",
	journal = {ArXiv e-prints},
	archivePrefix = "arXiv",
	eprint = {1610.02287},
	primaryClass = "stat.ML",
	keywords = {Statistics - Machine Learning},
	year = 2016,
	month = oct,
	adsurl = {http://adsabs.harvard.edu/abs/2016arXiv161002287R},
	adsnote = {Provided by the SAO/NASA Astrophysics Data System}
}

@article{implicit-rep-grad,
	author    = {Michael Figurnov and Shakir Mohamed and Andriy Mnih},
	title     = {Implicit Reparameterization Gradients},
	journal   = {CoRR},
	volume    = {abs/1805.08498},
	year      = {2018},
	url       = {http://arxiv.org/abs/1805.08498},
	archivePrefix = {arXiv},
	eprint    = {1805.08498},
	timestamp = {Mon, 13 Aug 2018 16:48:21 +0200},
	biburl    = {https://dblp.org/rec/bib/journals/corr/abs-1805-08498},
	bibsource = {dblp computer science bibliography, https://dblp.org}
}

@article{rep-acc-rej,
	author = {{Naesseth}, C.~A. and {Ruiz}, F.~J.~R. and {Linderman}, S.~W. and {Blei}, D.~M.},
	title = "{Reparameterization Gradients through Acceptance-Rejection Sampling Algorithms}",
	journal = {ArXiv e-prints},
	archivePrefix = "arXiv",
	eprint = {1610.05683},
	primaryClass = "stat.ML",
	keywords = {Statistics - Machine Learning, Statistics - Methodology},
	year = 2016,
	month = oct,
	adsurl = {http://adsabs.harvard.edu/abs/2016arXiv161005683N},
	adsnote = {Provided by the SAO/NASA Astrophysics Data System}
}

@article{gvae,
	author = {{Kipf}, T.~N. and {Welling}, M.},
	title = "{Variational Graph Auto-Encoders}",
	journal = {ArXiv e-prints},
	archivePrefix = "arXiv",
	eprint = {1611.07308},
	primaryClass = "stat.ML",
	keywords = {Statistics - Machine Learning, Computer Science - Machine Learning},
	year = 2016,
	month = nov,
	adsurl = {http://adsabs.harvard.edu/abs/2016arXiv161107308K},
	adsnote = {Provided by the SAO/NASA Astrophysics Data System}
}

@article{dvae,
	author = {{Rolfe}, J.~T.},
	title = "{Discrete Variational Autoencoders}",
	journal = {ArXiv e-prints},
	archivePrefix = "arXiv",
	eprint = {1609.02200},
	primaryClass = "stat.ML",
	keywords = {Statistics - Machine Learning, Computer Science - Machine Learning},
	year = 2016,
	month = sep,
	adsurl = {http://adsabs.harvard.edu/abs/2016arXiv160902200R},
	adsnote = {Provided by the SAO/NASA Astrophysics Data System}
}

@article{dvae-sharp,
	author = {{Vahdat}, A. and {Andriyash}, E. and {Macready}, W.~G.},
	title = "{DVAE\#: Discrete Variational Autoencoders with Relaxed Boltzmann Priors}",
	journal = {ArXiv e-prints},
	archivePrefix = "arXiv",
	eprint = {1805.07445},
	primaryClass = "stat.ML",
	keywords = {Statistics - Machine Learning, Computer Science - Machine Learning},
	year = 2018,
	month = may,
	adsurl = {http://adsabs.harvard.edu/abs/2018arXiv180507445V},
	adsnote = {Provided by the SAO/NASA Astrophysics Data System}
}

@article{dvae-pp,
	author = {{Vahdat}, A. and {Macready}, W.~G. and {Bian}, Z. and {Khoshaman}, A. and 
		{Andriyash}, E.},
	title = "{DVAE++: Discrete Variational Autoencoders with Overlapping Transformations}",
	journal = {ArXiv e-prints},
	archivePrefix = "arXiv",
	eprint = {1802.04920},
	keywords = {Computer Science - Machine Learning, Statistics - Machine Learning},
	year = 2018,
	month = feb,
	adsurl = {http://adsabs.harvard.edu/abs/2018arXiv180204920V},
	adsnote = {Provided by the SAO/NASA Astrophysics Data System}
}

@article{concrete,
	author = {{Maddison}, C.~J. and {Mnih}, A. and {Whye Teh}, Y.},
	title = "{The Concrete Distribution: A Continuous Relaxation of Discrete Random Variables}",
	journal = {ArXiv e-prints},
	archivePrefix = "arXiv",
	eprint = {1611.00712},
	keywords = {Computer Science - Machine Learning, Statistics - Machine Learning},
	year = 2016,
	month = nov,
	adsurl = {http://adsabs.harvard.edu/abs/2016arXiv161100712M},
	adsnote = {Provided by the SAO/NASA Astrophysics Data System}
}

@article{gumbel,
	author = {{Jang}, E. and {Gu}, S. and {Poole}, B.},
	title = "{Categorical Reparameterization with Gumbel-Softmax}",
	journal = {ArXiv e-prints},
	archivePrefix = "arXiv",
	eprint = {1611.01144},
	primaryClass = "stat.ML",
	keywords = {Statistics - Machine Learning, Computer Science - Machine Learning},
	year = 2016,
	month = nov,
	adsurl = {http://adsabs.harvard.edu/abs/2016arXiv161101144J},
	adsnote = {Provided by the SAO/NASA Astrophysics Data System}
}

@article{gumbolt,
	author = {{Khoshaman}, A.~H. and {Amin}, M.~H.},
	title = "{GumBolt: Extending Gumbel trick to Boltzmann priors}",
	journal = {ArXiv e-prints},
	archivePrefix = "arXiv",
	eprint = {1805.07349},
	keywords = {Computer Science - Machine Learning, Computer Science - Artificial Intelligence, Statistics - Machine Learning},
	year = 2018,
	month = may,
	adsurl = {http://adsabs.harvard.edu/abs/2018arXiv180507349K},
	adsnote = {Provided by the SAO/NASA Astrophysics Data System}
}

@article{iwae,
	author = {{Burda}, Y. and {Grosse}, R. and {Salakhutdinov}, R.},
	title = "{Importance Weighted Autoencoders}",
	journal = {ArXiv e-prints},
	archivePrefix = "arXiv",
	eprint = {1509.00519},
	keywords = {Computer Science - Machine Learning, Statistics - Machine Learning},
	year = 2015,
	month = sep,
	adsurl = {http://adsabs.harvard.edu/abs/2015arXiv150900519B},
	adsnote = {Provided by the SAO/NASA Astrophysics Data System}
}

@inproceedings{nlfrm,
	author = {Miller, Kurt T. and Griffiths, Thomas L. and Jordan, Michael I.},
	title = {Nonparametric Latent Feature Models for Link Prediction},
	booktitle = {Proceedings of the 22Nd International Conference on Neural Information Processing Systems},
	series = {NIPS'09},
	year = {2009},
	isbn = {978-1-61567-911-9},
	location = {Vancouver, British Columbia, Canada},
	pages = {1276--1284},
	numpages = {9},
	url = {http://dl.acm.org/citation.cfm?id=2984093.2984237},
	acmid = {2984237},
	publisher = {Curran Associates Inc.},
	address = {USA},
} 

@article{sbm-gnn,
	author = {Mehta, Nikhil and Rai, Piyush},
	title = {Stochastic Blockmodels meet Graph Neural Networks},
	year = {2018}
}


